<marc:collection xmlns:marc="http://www.loc.gov/MARC21/slim" xmlns:xsi="http://www.w3.org/2001/XMLSchema-instance" xsi:schemaLocation="http://www.loc.gov/MARC21/slim http://www.loc.gov/standards/marcxml/schema/MARC21slim.xsd">
    <marc:record type="Bibliographic">
        <marc:leader>01597cem a22003133a 4500</marc:leader>
        <marc:controlfield tag="001">6515132</marc:controlfield>
        <marc:controlfield tag="005">20141202103456.0</marc:controlfield>
        <marc:controlfield tag="008">110203s1916    xx        a     0   eng d</marc:controlfield>
        <marc:datafield tag="034" ind1="1" ind2=" ">
            <marc:subfield code="a">a</marc:subfield>
            <marc:subfield code="b">62500</marc:subfield>
            <marc:subfield code="d">-74.33333333333333</marc:subfield>
            <marc:subfield code="e">-74.08333333333333</marc:subfield>
            <marc:subfield code="f">44.46666666666667</marc:subfield>
            <marc:subfield code="g">44.28333333333333</marc:subfield>
        </marc:datafield>
        <marc:datafield tag="035" ind1=" " ind2=" ">
            <marc:subfield code="a">(OCoLC)715369163</marc:subfield>
        </marc:datafield>
        <marc:datafield tag="035" ind1=" " ind2=" ">
            <marc:subfield code="a">(NjP Geomap) 17513</marc:subfield>
        </marc:datafield>
        <marc:datafield tag="040" ind1=" " ind2=" ">
            <marc:subfield code="c">NjP</marc:subfield>
        </marc:datafield>
        <marc:datafield tag="041" ind1="0" ind2=" ">
            <marc:subfield code="a">eng</marc:subfield>
        </marc:datafield>
        <marc:datafield tag="245" ind1="0" ind2="0">
            <marc:subfield code="a">Geological reconnaissance map of parts of St. Regis and Saranac quadrangles.</marc:subfield>
        </marc:datafield>
        <marc:datafield tag="255" ind1=" " ind2=" ">
            <marc:subfield code="a">Scale 1:62,500</marc:subfield>
            <marc:subfield code="c">(W 74°20ʹ--W 74°5ʹ/N 44°28ʹ--N 44°17ʹ)</marc:subfield>
        </marc:datafield>
        <marc:datafield tag="260" ind1=" " ind2=" ">
            <marc:subfield code="a">Albany, N.Y. :</marc:subfield>
            <marc:subfield code="b">University of the State of New York, New York State Museum,</marc:subfield>
            <marc:subfield code="c">1916.</marc:subfield>
        </marc:datafield>
        <marc:datafield tag="490" ind1="0" ind2=" ">
            <marc:subfield code="a">New York State Museum. Bulletin ;</marc:subfield>
            <marc:subfield code="v">207-8</marc:subfield>
        </marc:datafield>
        <marc:datafield tag="490" ind1="0" ind2=" ">
            <marc:subfield code="a">New York State Museum. Bulletin ;</marc:subfield>
            <marc:subfield code="v">207-8</marc:subfield>
        </marc:datafield>
        <marc:datafield tag="500" ind1=" " ind2=" ">
            <marc:subfield code="a">Companion text: Geology of the Lake Clear Region (parts of St. Regis and Saranac quadrangles. Harold L. Alling. Fourteenth report of the director of the State Museum and Science Department (including the seventy-first report of the State Museum, the thirty seventh report of the state geologist and the report of the state paleontologist for 1917). Albany : New York State Museum. 1918. Bulletin 207/ 208. pp.111-145. 10 plates.</marc:subfield>
        </marc:datafield>
        <marc:datafield tag="546" ind1=" " ind2=" ">
            <marc:subfield code="a">In English.</marc:subfield>
        </marc:datafield>
        <marc:datafield tag="650" ind1=" " ind2="0">
            <marc:subfield code="a">Geology.</marc:subfield>
        </marc:datafield>
        <marc:datafield tag="651" ind1=" " ind2="0">
            <marc:subfield code="a">Saranac (N.Y.)</marc:subfield>
            <marc:subfield code="v">Maps.</marc:subfield>
        </marc:datafield>
        <marc:datafield tag="651" ind1=" " ind2="7">
            <marc:subfield code="a">U.S.--NY--Saranac Quad.</marc:subfield>
            <marc:subfield code="2">local</marc:subfield>
        </marc:datafield>
        <marc:datafield tag="651" ind1=" " ind2="7">
            <marc:subfield code="a">U.S.--NY--Lake Clear Region</marc:subfield>
            <marc:subfield code="2">local</marc:subfield>
        </marc:datafield>
        <marc:datafield tag="651" ind1=" " ind2="7">
            <marc:subfield code="a">U.S.--NY--St. Regis Quad.</marc:subfield>
            <marc:subfield code="2">local</marc:subfield>
        </marc:datafield>
        <marc:datafield tag="700" ind1="1" ind2=" ">
            <marc:subfield code="a">Alling, Harold L.</marc:subfield>
        </marc:datafield>
        <marc:datafield tag="852" ind1="8" ind2=" ">
            <marc:subfield code="b">scimc</marc:subfield>
            <marc:subfield code="h">G3801.C5.svar.N4Y6 BM 207-8</marc:subfield>
        </marc:datafield>
        <marc:datafield tag="852" ind1="8" ind2=" ">
            <marc:subfield code="b">scidoc</marc:subfield>
            <marc:subfield code="h">8566.677 no.207-8 (text)</marc:subfield>
        </marc:datafield>
        <marc:datafield tag="856" ind1="4" ind2=" ">
            <marc:subfield code="u">http://gisserver.princeton.edu/map/2472</marc:subfield>
        </marc:datafield>
    </marc:record>
    <marc:record type="Holdings">
        <marc:leader>00191nx  a22000851  4500</marc:leader>
        <marc:controlfield tag="001">6487926</marc:controlfield>
        <marc:controlfield tag="004">6515132</marc:controlfield>
        <marc:controlfield tag="005">20110419121644.0</marc:controlfield>
        <marc:controlfield tag="008">1104190u||||8|||4001uu|||0000000</marc:controlfield>
        <marc:datafield tag="852" ind1="8" ind2=" ">
            <marc:subfield code="b">scimc</marc:subfield>
            <marc:subfield code="h">G3801.C5.svar.N4Y6 BM 207-8</marc:subfield>
        </marc:datafield>
    </marc:record>
    <marc:record type="Holdings">
        <marc:leader>00182nx  a22000854  4500</marc:leader>
        <marc:controlfield tag="001">7316906</marc:controlfield>
        <marc:controlfield tag="004">6515132</marc:controlfield>
        <marc:controlfield tag="005">20130513161329.0</marc:controlfield>
        <marc:controlfield tag="008">1305134u    8   1001uu   0901128</marc:controlfield>
        <marc:datafield tag="852" ind1="8" ind2=" ">
            <marc:subfield code="b">elf1</marc:subfield>
            <marc:subfield code="h">Electronic Resource</marc:subfield>
        </marc:datafield>
    </marc:record>
</marc:collection>
